%%% zitieren wie hier: \cite{GroetschelJuengerReinelt1985b} 

@Article{GroetschelJuengerReinelt1985b,
  author       = "Martin Gr{\"o}tschel and Michael J{\"u}nger and Gerhard Reinelt",
  title        = "On the acyclic subgraph polytope",
  journal      = "Mathematical Programming",
  volume       = "33",
  number       = "1",
  publisher    = "North-Holland",
  pages        = "28--42",
  year         = "1985",
  classmath    = "*05C20 52Bxx 90C10 05C38",
  language     = "English",
}

@book{KorteVygenCombOpt2007,
 author = {Korte, Bernhard and Vygen, Jens},
 title = {Combinatorial Optimization: Theory and Algorithms},
 year = {2007},
 isbn = {3540718435, 9783540718437},
 edition = {4th},
 publisher = {Springer Publishing Company, Incorporated},
} 